<record><leader>00000cas a22000007a 4500</leader><controlfield tag="001">10242980</controlfield><controlfield tag="008">831221d19101926mtuwr ne      0    0eng d</controlfield><datafield ind1=" " ind2=" " tag="010"><subfield code="a">sn 83047012 </subfield></datafield><datafield ind1=" " ind2=" " tag="040"><subfield code="a">MTL</subfield><subfield code="b">eng</subfield><subfield code="c">MTL</subfield><subfield code="d">NVO</subfield><subfield code="d">OCLCQ</subfield></datafield><datafield ind1=" " ind2=" " tag="042"><subfield code="a">msc</subfield></datafield><datafield ind1="0" ind2="4" tag="245"><subfield code="a">The Alzada fairplay.</subfield></datafield><datafield ind1=" " ind2=" " tag="260"><subfield code="a">Alzada, Custer County, Mont. :</subfield><subfield code="b">Wm. O'Shaughnessy</subfield></datafield><datafield ind1=" " ind2=" " tag="300"><subfield code="a">16 v. :</subfield><subfield code="b">ill. ;</subfield><subfield code="c">56 cm.</subfield></datafield><datafield ind1=" " ind2=" " tag="310"><subfield code="a">Weekly</subfield></datafield><datafield ind1="0" ind2=" " tag="362"><subfield code="a">-v. 16, no. 43 (June 23, 1926).</subfield></datafield><datafield ind1="1" ind2=" " tag="362"><subfield code="a">Began with July 1, 1910.</subfield><subfield code="z">Cf. Gregory, W. Amer. newspapers.</subfield></datafield><datafield ind1=" " ind2=" " tag="588"><subfield code="a">Description based on: Vol. 2, no. 36 (Dec. 5, 1913).</subfield></datafield><datafield ind1=" " ind2="4" tag="651"><subfield code="a">Alzada (Mont.)</subfield><subfield code="v">Newspapers.</subfield></datafield><datafield ind1=" " ind2="4" tag="651"><subfield code="a">Custer County (Mont.)</subfield><subfield code="v">Newspapers.</subfield></datafield><datafield ind1=" " ind2="4" tag="651"><subfield code="a">Fallon County (Mont.)</subfield><subfield code="v">Newspapers.</subfield></datafield><datafield ind1=" " ind2="4" tag="651"><subfield code="a">Carter County (Mont.)</subfield><subfield code="v">Newspapers.</subfield></datafield><datafield ind1=" " ind2=" " tag="752"><subfield code="a">United States</subfield><subfield code="b">Montana</subfield><subfield code="c">Carter</subfield><subfield code="d">Alzada.</subfield></datafield><datafield ind1="0" ind2="7" tag="785"><subfield code="t">Piniele leader</subfield><subfield code="w">(DLC)sn 85053234</subfield></datafield><datafield ind1="0" ind2="7" tag="785"><subfield code="t">Alzada fairplay and the Piniele, Mont., leader</subfield><subfield code="w">(DLC)sn 83047013</subfield></datafield></record>